% Encoding: UTF8

@BOOK{Jackson,
  title = {Classical Electrodynamics (Third ed.).},
  publisher = {New York: Wiley},
  year = {1998},
  author = {John David Jackson},
  isbn = {978-0-471-30932-1},
}

@BOOK{BornWolf,
  title = {Principles of Optics (7th (expanded) ed.).},
  publisher = {Cambridge: Cambridge University Press},
  year = {1999},
  author = {Born, Max and Wolf, Emil},
  isbn = {978-0-521-64222-4},
}

@ARTICLE{Forbes:2007,
  author = {Forbes, G. W.},
  title = {Shape Specification for Axially Symmetric Optical Surfaces},
  journal = {Optics Express},
  year = {2007},
  volume = {15},
  number = {8},
  pages = {5218-5226},
  doi = {10.1364/OE.15.005218},
}

@ARTICLE{Forbes:2010,
  author = {Forbes, G. W.},
  title = {Robust, efficient computational methods for axially symmetric optical aspheres},
  journal = {Optics Express},
  year = {2010},
  volume = {18},
  number = {19},
  pages = {19700-19712},
  doi = {10.1364/OE.18.019700},
}



